@book{ThrBurFox:05,
	title={{Probabilistic Robotics (Intelligent Robotics and Autonomous Agents)}},
	author={Thrun, S. and Burgard, W. and Fox, D.},
	year={2005},
	publisher={MIT press, Cambridge, Massachusetts, USA}
}
@article{gustafsson2002particle,
	title={{Particle filters for positioning, navigation, and tracking}},
	author={Gustafsson, F. and Gunnarsson, F. and Bergman, N. and Forssell, U. and Jansson, J. and
	        Karlsson, R. and Nordlund, P.J.},
	journal={Signal Processing, IEEE Transactions on},
	volume={50},
	number={2},
	pages={425--437},
	issn={1053-587X},
	year={2002},
	publisher={IEEE}
}
@inproceedings{HofSmi:09,
	author = {Hofman, R. and \v{S}m\'\i{}dl V.},
	title = {Assimilation of spatio-temporal distribution of radionuclides in 
	early phase of radiation accident},
	journal = {Bezpečnost jaderné energie},
	volume = 18,
	pages = {226--228},
	year = {2010},
}
@inproceedings{HofSmiPech:09,
	author= {Hofman, R. and \v{S}m\'\i{}dl, V. and Pecha, P.},
	title ={ Data assimilation in early phase of radiation accident using particle 
	filter},
	booktitle ={The Fifth WMO International Symposium on Data Assimilation},
	address = {Melbourne, Australia},
	year = {2009},
}
@inproceedings{PechHofSmi:09,
	author = {Pecha, P. and Hofman R. and \v{S}m\'\i{}dl V.},
	title = {Bayesian tracking of the toxic plume spreading in the early stage of 
	radiation accident} ,
	booktitle = {Proceedings of the 2009 European Simulation and Modelling 
	Conference},
	address = {Leicester, GB},
	year = 2009,
}
@InProceedings{Smi:10,
	author={{\v{S}}m{\'{\i}}dl, V.},
	title={Software Analysis Unifying Particle Filtering and Marginalized Particle Filtering},
	booktitle={Proceedings of the 13th International Conference on Information Fusion},
	publisher={IET},
	location={Edinburgh},
	country={GB},
	year={2010},
}
@PhdThesis{Smi:05,
	author = {\v{S}m\'{i}dl, V.},
	title = {Software analysis of Bayesian distributed dynamic decision making},
	year = {2005},
	address = {Plze\v{n}},
	school = {University of West Bohemia, Faculty of Applied Sciences, Pilsen, Czech Republic},
	url = {http://www.kky.zcu.cz/en/publications/SmidlV_2005_Softwareanalysisof},
}
